
@article{castro_conteudo_2015,
  title = {O Conte\'udo Da Globaliza\c{c}\~ao Para Os Latino-Americanos: Uma An\'alise a Partir Da {{Pesquisa Mundial}} de {{Valores}}\textendash{{WVS}}},
  shorttitle = {O Conte\'udo Da Globaliza\c{c}\~ao Para Os Latino-Americanos},
  author = {de Castro, Henrique C. O. and Ranincheski, Sonia and Capistrano, Daniel},
  year = {2015},
  file = {/Users/tiagovier/Dropbox/zotfiles/Castro_et_al_2015_O_conteudo_da.pdf;/Users/tiagovier/Zotero/storage/8M8FCJCI/302.html;/Users/tiagovier/Zotero/storage/UPG5HPGI/4968.html}
}

@misc{R-bookdown,
  title = {Bookdown: {{Authoring}} Books and Technical Documents with r Markdown},
  author = {Xie, Yihui},
  year = {2020}
}

@misc{R-tidyverse,
  title = {Tidyverse: {{Easily}} Install and Load the 'Tidyverse'},
  author = {Wickham, Hadley},
  year = {2019}
}


